@book{giordano2013first,
  title={A First Course in Mathematical Modeling},
  author={Giordano, Frank R. and Fox, William P. and Horton, Steven B.},
  year={2013},
  publisher={Cengage Learning}
}
@book{cormen2022introduction,
  title={Introduction to Algorithms},
  author={Cormen, Thomas H. and Leiserson, Charles E. and Rivest, Ronald L. and Stein, Clifford},
  year={2022},
  publisher={The MIT Press}
}
